@Book{mom,
author = {R.C. Hibbeler},
title = {Mechanics Of Materials },
publisher = {Pearson Prentice Hall},
year = {2011},
}

@InBook{elements1weightestimation,
author = {R. Vos and B.T.C. Zandbergen},
title = {Aerospace Design and Systems Engineering Elements I},
chapter = {Class I weight estimation method},
publisher = {Delft University of Technology},
year = {2012}
}

@Manual{CS23,
title = {Certification Specifications for Normal, Utility, Aerobatic and Commuter Category Aeroplanes. CS-23},
OPTauthor = {EASA},
OPTorganization = {organization},
OPTaddress = {\url{http://www.easa.europa.eu/agency-measures/docs/agency-decisions/2003/2003-014-RM/decision_ED_2003_14_RM.pdf}},
OPTedition = {initial},
OPTyear = {2003},
}

@Misc{touroperator1,
title = {Scenicairlines},
howpublished = {\url{http://www.scenic.com/scenic/show_categories.aspx?category_id=172&lang=en-US}},
year = {visited on: 24 sep 2012},
}

@article{irve,
title = {Inflatable Re-entry Vehicle Experiment (IRVE) Design Overview},
author = {Stephen J. Hughes and Robert A. Dillman and Brett R. Starr and Ryan A. Stephan and Michael C. Lindell and Charles J. Player and Dr. F. McNeil Cheatwood},
organization = {NASA Langley Research Center},
year = {2005},
}

@article{irve2,
title = "{Flight performance of the inflatable reentry vehicle experiment II}",
author = {Robert A. Dillman and Stephen J. Hughes and Richard J. Bodkin and David M. Bose and Joseph Del Corso and and F. Neil Cheatwood},
organization = {NASA Langley Research Center},
year = {2010},
month = {june},
}

@article{irve3,
title = "{Flight performance of the inflatable reentry vehicle experiment III}",
author = {Robert Dillman and John DiNonno and Richard Bodkin and Valerie Gsell and Nathanael Miller and Aaron Olds and Walt Bruce},
organization = {NASA Langley Research Center},
year = {2013},
month = {june},
}

@article{thor,
title = "{Planned flight of the terrestrial HIAD orbital reentry (THOR)}",
author = {Robert Dillman and Stephen Hughes and John DiNonno and Richard Bodkin and Joseph White and Joseph Del Corso and F. M. Cheatwood},
organization = {NASA Langley Research Center},
year = {2014},
month = {june},
}

@article{hiadhistory,
title = "{A Historical Review of Inflatable Aerodynamic Decelerator Technology Development}",
author = {Brandon P. Smith and Christopher L. Tanner and Milad Mahzari and Ian G. Clark and Robert D. Braun},
organization = {Daniel Guggenheim School of Aerospace Engineering, Georgie Institute of Technology},
year = {2010},
}

@article{sustain,
title = "{Engineers' Obligations towards Sustainable Environment}",
author = {Mosharrof Hussain Masud and Md. Akhtaruzzaman and S. M. Sadakatul Bari and Farhat Anwar},
organization = {International Islamic University Malaysia},
year = {2011},
}

@Book{IEEE,
author = {IEEE},
title = {IEEE Guide - Adoption of the Project Management Institute (PMI®) Standard - A Guide to the Project Management Body of Knowledge (PMBOK® Guide},
publisher = {IEEE Computer Society},
year = {2011},
month = {November}
}

@manual{SEAD,
title = "{Systems Engineering \& Technical Management Techniques}",
organization = "{Delft University of Technology}",
year = "2006-2007"
}
