@techreport{irve,
title = {Inflatable Re-entry Vehicle Experiment (IRVE) Design Overview},
author = {Stephen J. Hughes and Robert A. Dillman and Brett R. Starr and Ryan A. Stephan and Michael C. Lindell and Charles J. Player and Dr. F. McNeil Cheatwood},
institution = {NASA Langley Research Center},
year = {2005},
type = {Preprint},
number = {AIAA Paper 2005-1636}
}

@techreport{irve2,
title = "{Flight performance of the inflatable reentry vehicle experiment II}",
author = {Robert A. Dillman and Stephen J. Hughes and Richard J. Bodkin and David M. Bose and Joseph Del Corso and and F. Neil Cheatwood},
institution = {NASA Langley Research Center},
year = {2010},
month = {June},
type = {Conference Paper},
number = {NF1676L-10402}
}

@techreport{irve3,
title = "{Flight performance of the inflatable reentry vehicle experiment III}",
author = {Robert Dillman and John DiNonno and Richard Bodkin and Valerie Gsell and Nathanael Miller and Aaron Olds and Walt Bruce},
institution = {NASA Langley Research Center},
year = {2013},
month = {June},
type = {Conference Paper},
number = {NF1676L-16379}
}

@techreport{thor,
title = "{Planned flight of the terrestrial HIAD orbital reentry (THOR)}",
author = {Robert Dillman and Stephen Hughes and John DiNonno and Richard Bodkin and Joseph White and Joseph Del Corso and F. M. Cheatwood},
institution = {NASA Langley Research Center},
year = {2014},
month = {June},
type = {Conference Paper},
number = {NF1676L-18744}
}

@article{hiadhistory,
title = "{A Historical Review of Inflatable Aerodynamic Decelerator Technology Development}",
author = {Brandon P. Smith and Christopher L. Tanner and Milad Mahzari and Ian G. Clark and Robert D. Braun},
organization = {Daniel Guggenheim School of Aerospace Engineering, Georgie Institute of Technology},
year = {2010},
}

@article{sustain,
title = "{Engineers' Obligations towards Sustainable Environment}",
author = {Mosharrof Hussain Masud and Md. Akhtaruzzaman and S. M. Sadakatul Bari and Farhat Anwar},
organization = {International Islamic University Malaysia},
year = {2011},
}

@techreport{IEEE,
author = {IEEE},
title = "{IEEE Guide - Adoption of the Project Management Institute (PMI®) Standard - A Guide to the Project Management Body of Knowledge (PMBOK® Guide}",
institution = {IEEE Computer Society},
year = {2011},
month = {November},
type = {Guide}
}

@manual{SEAD,
author = {},
title = "{Systems Engineering \& Technical Management Techniques}",
organization = "{Delft University of Technology}",
year = {2006-2007},
}

@manual{projectguide,
author = {Herman Damveld},
title = "{Project guide DSE - Design of a controllable inflatable aeroshell}",
organization = {Delft University of Technology},
year = {2015},
month = {april},
}


@techreport{treaty,
title = {United Nations Treaties and Principles on Outer Space},
institution = {United Nations},
address = {New York},
year = {2008},
type = {Treaties}
}

@book{nasasehandbook,
    author    = "{National Aeronautics and Space Administration}",
    title     = "{NASA Systems Engineering Handbook}",
    publisher = "{NASA Scientific and Technical Information (STI) program}",
    addres = "{Washington, D.C. 20546}",
    edition = "{Second}",
    month = "{December}",
    year = "2007"
}